@manual{sample,
  organization = {TU Dortmund, Fakultät Physik},
  title = {},
  year = 2023
}

@manual{teachspin,
  organization = {TU Dortmund, Fakultät Physik},
  title = {Diode Laser Physics},
  year = 2024
}