@manual{sample,
  organization = {TU Dortmund, Fakult√§t Physik},
  title = {},
  year = 2023
}
