@manual{sample,
  organization = {TU Dortmund, Fakult√§t Physik},
  title = {V44 X-ray reflectrometry},
  year = 2024
}

@book{als-nielsen2011,
  author    = {Jens Als-Nielsen and Des McMorrow},
  title     = {Elements of Modern X-Ray Physics},
  publisher = {John Wiley \& Sons, Incorporated},
  year      = {2011},
  note      = {ProQuest Ebook Central},
  url       = {https://ebookcentral.proquest.com/lib/dortmundtech/detail.action?docID=699505}
}

@book{m-tolan2013,
  author    = {Metin Tolan},
  title     = {X-Ray Scattering from Soft-Matter Thin Films},
  publisher = {Springer},
  doi       = {https://doi.org/10.1007/BFb0112834},
  year      = {2013},
}
